1CClientBankExchange
ВерсияФормата=1.03
Кодировка=Windows
Отправитель=PSB-Online
Получатель=ExternalProg
ДатаСоздания=11.09.2025
ВремяСоздания=07:09:48
ДатаНачала=01.01.2025
ДатаКонца=11.09.2025
РасчСчет=45812810904000002063
СекцияРасчСчет
ДатаНачала=01.01.2025
ДатаКонца=11.09.2025
РасчСчет=45812810904000002063
НачальныйОстаток=0
ВсегоПоступило=0
ВсегоСписано=0
КонечныйОстаток=0
КонецРасчСчет
КонецФайла
